<record><leader>00000cas a2200000Ma 4500</leader><controlfield tag="001">11027132</controlfield><controlfield tag="008">840807d18441844mauwn ne      0   a0eng d</controlfield><datafield ind1=" " ind2=" " tag="010"><subfield code="a">sn 84023830 </subfield></datafield><datafield ind1=" " ind2=" " tag="040"><subfield code="a">AQM</subfield><subfield code="b">eng</subfield><subfield code="c">AQM</subfield><subfield code="d">OCLCG</subfield><subfield code="d">OCLCQ</subfield><subfield code="d">OCLCF</subfield><subfield code="d">OCLCO</subfield></datafield><datafield ind1="0" ind2=" " tag="130"><subfield code="a">Young Hickory (Boston, Mass.)</subfield></datafield><datafield ind1="1" ind2="0" tag="245"><subfield code="a">Young Hickory.</subfield></datafield><datafield ind1=" " ind2=" " tag="260"><subfield code="a">Boston, Mass. :</subfield><subfield code="b">[s.n.]</subfield></datafield><datafield ind1=" " ind2=" " tag="300"><subfield code="a">v.</subfield></datafield><datafield ind1=" " ind2=" " tag="310"><subfield code="a">Weekly during the election campaign</subfield></datafield><datafield ind1="1" ind2=" " tag="362"><subfield code="a">Began with Aug. 31, 1844 issue?</subfield><subfield code="z">Cf. Amer. newspapers, 1821-1936.</subfield></datafield><datafield ind1=" " ind2=" " tag="500"><subfield code="a">Campaign paper for James K. Polk.</subfield></datafield><datafield ind1=" " ind2=" " tag="588"><subfield code="a">Description based on: Vol. 1, no. 4 (Sept. 21, 1844).</subfield></datafield><datafield ind1="2" ind2="0" tag="610"><subfield code="a">Democratic Party (Mass.)</subfield><subfield code="v">Newspapers.</subfield></datafield><datafield ind1="1" ind2="0" tag="600"><subfield code="a">Polk, James K.</subfield><subfield code="q">(James Knox),</subfield><subfield code="d">1795-1849</subfield><subfield code="v">Newspapers.</subfield></datafield><datafield ind1=" " ind2="7" tag="655"><subfield code="a">Campaign newspapers.</subfield><subfield code="2">ngl</subfield></datafield><datafield ind1=" " ind2="7" tag="655"><subfield code="a">Newspapers.</subfield><subfield code="2">fast</subfield><subfield code="0">(OCoLC)fst01423814</subfield></datafield><datafield ind1="1" ind2="7" tag="600"><subfield code="a">Polk, James K.</subfield><subfield code="q">(James Knox),</subfield><subfield code="d">1795-1849.</subfield><subfield code="2">fast</subfield><subfield code="0">(OCoLC)fst00063709</subfield></datafield><datafield ind1="2" ind2="7" tag="610"><subfield code="a">Democratic Party (Mass.)</subfield><subfield code="2">fast</subfield><subfield code="0">(OCoLC)fst00673266</subfield></datafield><datafield ind1="2" ind2=" " tag="710"><subfield code="a">Democratic Party (Mass.)</subfield></datafield><datafield ind1=" " ind2=" " tag="752"><subfield code="a">United States</subfield><subfield code="b">Massachusetts</subfield><subfield code="c">Suffolk</subfield><subfield code="d">Boston.</subfield></datafield></record>